@article{bm1,
  title    = {Benchmark problems for numerical implementations of
                  phase field models},
  journal  = {Computational Materials Science},
  volume   = {126},
  pages    = {139 - 151},
  year     = {2017},
  issn     = {0927-0256},
  doi      = {10.1016/j.commatsci.2016.09.022},
  url      = {http://www.sciencedirect.com/science/article/pii/S0927025616304712},
  author   = {Andrea M. Jokisaari and Peter W. Voorhees and Jonathan E. Guyer and James A. Warren and Olle G. Heinonen},
  keywords = {Phase field model, Benchmark problem, Spinodal decomposition, Ostwald ripening}
}

@article{bm2,
  title    = {Phase field benchmark problems for dendritic growth and linear elasticity},
  journal  = {Computational Materials Science},
  volume   = {149},
  pages    = {336 - 347},
  year     = {2018},
  issn     = {0927-0256},
  doi      = {10.1016/j.commatsci.2018.03.015},
  url      = {http://www.sciencedirect.com/science/article/pii/S092702561830168X},
  author   = {Andrea M. Jokisaari and Peter W. Voorhees and Jonathan E. Guyer and James A. Warren and Olle G. Heinonen},
  keywords = {Phase field, Benchmark, Dendrite, Elasticity}
}

@online{cmsfree,
  title    = {How We Build {CMS}-Free Websites},
  url      = {https://medium.com/devseed/how-we-build-cms-free-websites-d7e19d94a0ff},
  author   = {Dave Cole},
  year     = {2018},
  month    = jul,
  urldate  = {2019-03-11}
}

@article{fipy,
  title    = {FiPy: Partial Differential Equations with Python},
  journal  = {Computing in Science \& Engineering},
  volume   = {11},
  number   = {3},
  pages    = {6 - 15},
  year     = {2009},
  issn     = {1521-9615},
  doi      = {10.1109/MCSE.2009.52},
  url      = {http://www.ctcms.nist.gov/fipy},
  author   = {Jonathan E. Guyer and Daniel Wheeler and James A. Warren},
  keywords = {partial differential equations, Python, phase field}
}

@misc{mmsp,
  author   = {Jason Gruber and Trevor Keller and Daniel J. Lewis and Paul Detwiler and Yixuan Tan and Matthew Fields and Paul Lauer and Scott Peters},
  title    = {mesoscale/mmsp: Zenodo integration},
  month    = mar,
  year     = {2019},
  doi      = {10.5281/zenodo.2583258},
  url      = {https://doi.org/10.5281/zenodo.2583258}
}

@online{mumag,
  title    = {\textmu MAG: The Micromagnetic Modeling Activity Group},
  url      = {https://www.ctcms.nist.gov/~rdm/mumag.org.html},
  urldate  = {2019-03-11},
  year     = {2019}
}

@article{moose,
  title    = {An object-oriented finite element framework for multiphysics phase field simulations},
  journal  = {Computational Materials Science},
  volume   = {51},
  number   = {1},
  pages    = {20 - 29},
  year     = {2012},
  issn     = {0927-0256},
  doi      = {10.1016/j.commatsci.2011.07.028},
  url      = {http://www.sciencedirect.com/science/article/pii/S0927025611004204},
  author   = {Michael R. Tonks and Derek Gaston and Paul C. Millett and David Andrs and Paul Talbot},
  keywords = {Phase field model, Finite element method, Jacobian-Free Newton Krylov, Mesh adaptivity}
}

@misc{prisms-pf,
  author   = {Stephen DeWitt and Shiva Rudraraju and David Montiel and wband and qixinbo and jpluce},
  title    = {prisms-center/phaseField: PRISMS-PF (Version 2.1.1)},
  month    = mar,
  year     = {2019},
  doi      = {10.5281/zenodo.2583308},
  url      = {https://doi.org/10.5281/zenodo.2583308}
}

@online{staticman,
  title    = {Staticman: Static sites with superpowers},
  url      = {https://staticman.net},
  urldate  = {2019-03-11}
}

@online{surge,
  title    = {Surge: Static web publishing for Front-End Developers},
  url      = {https://surge.sh/},
  urldate  = {2019-03-11}
}

@online{travis,
  title    = {Travis CI: Test and Deploy with Confidence},
  url      = {https://travis-ci.org/},
  urldate  = {2019-03-11}
}

@online{contributors,
  title    = {List of PFHub Contributors},
  url      = {https://github.com/usnistgov/pfhub/graphs/contributors},
  urldate  = {2019-03-13}
}

@online{travisyml,
  title    = {Travis CI Recipe for PFHub},
  url      = {https://github.com/usnistgov/pfhub/blob/master/.travis.yml},
  urldate  = {2019-03-13}
}

@online{nix,
  title    = {Nix Package Manager},
  url      = {https://nixos.org/nix/},
  urldate  = {2019-03-13}
}

@online{nistlicense,
  title    = {NIST Software License},
  url      = {https://www.nist.gov/director/copyright-fair-use-and-licensing-statements-srd-data-and-software},
  urldate  = {2019-03-13}
}

@online{nbval,
  title    = {NBVal: Py.test plugin for validating Jupyter notebooks},
  url      = {https://github.com/computationalmodelling/nbval},
  urldate  = {2019-03-14}
}

@online{pytest,
  title    = {Py.test},
  url      = {https://docs.pytest.org/en/latest/},
  urldate  = {2019-03-14}
}

@online{nix-recipe,
  title    = {PFHub Nix Recipe},
  url      = {https://github.com/usnistgov/pfhub/blob/master/_nix/build.nix},
  urldate  = {2019-03-14}
}

@online{jekyll,
  title    = {Jekyll},
  url      = {https://jekyllrb.com/},
  urldate  = {2019-03-14}
}

@online{htmlproofer,
  title    = {HTML Proofer},
  url      = {https://github.com/gjtorikian/html-proofer},
  urldate  = {2019-03-14}
}

@online{workshops,
  title    = {CHiMaD Phase-Field Workshops},
  url      = {https://pages.nist.gov/pfhub/wiki/workshops/},
  urldate  = {2019-03-14}
}

@online{dependencies,
  title    = {PFHub Dependency Graph},
  url      = {https://github.com/usnistgov/pfhub/blob/master/_publications/jors/dependencies.svg},
  urldate  = {2019-03-19}
}

@online{plotly,
  author   = {Plotly Technologies Inc.},
  title    = {Collaborative data science},
  publisher = {Plotly Technologies Inc.},
  address = {Montreal, QC},
  year = {2015},
  url = {https://plot.ly},
  urldate  = {2019-03-20}
}

@conference{jupyter,
  Author = {Thomas Kluyver and Benjamin Ragan-Kelley and Fernando P{\'e}rez and Brian Granger and Matthias Bussonnier and Jonathan Frederic and Kyle Kelley and Jessica Hamrick and Jason Grout and Sylvain Corlay and Paul Ivanov and Dami{\'a}n Avila and Safia Abdalla and Carol Willing},
  Booktitle = {Positioning and Power in Academic Publishing: Players, Agents and Agendas},
  Editor = {F. Loizides and B. Schmidt},
  Organization = {IOS Press},
  Pages = {87 - 90},
  Title = {Jupyter Notebooks -- a publishing format for reproducible computational workflows},
  Year = {2016}
}

@online{genbank,
  title    = {GenBank: NIH genetic sequence database},
  url = {https://www.ncbi.nlm.nih.gov/genbank/},
  urldate  = {2019-03-26}
}

@article{ipr1,
	title = {Evaluating variability with atomistic simulations: the effect of potential and calculation methodology on the modeling of lattice and elastic constants},
	volume = {26},
	issn = {0965-0393, 1361-651X},
	shorttitle = {Evaluating variability with atomistic simulations},
	url = {http://stacks.iop.org/0965-0393/26/i=5/a=055003?key=crossref.1d3c4d0412b252a7afd7d58da45f306d},
	doi = {10.1088/1361-651X/aabc05},
	language = {en},
	number = {5},
	urldate = {2019-03-15},
	journal = {Modelling and Simulation in Materials Science and Engineering},
	author = {Hale, Lucas M. and Trautt, Zachary T. and Becker, Chandler A.},
	month = jul,
	year = {2018},
	pages = {055003}
}

@article{ipr2,
	title = {Considerations for choosing and using force fields and interatomic potentials in materials science and engineering},
	volume = {17},
	issn = {13590286},
	url = {https://linkinghub.elsevier.com/retrieve/pii/S1359028613000788},
	doi = {10.1016/j.cossms.2013.10.001},
	language = {en},
	number = {6},
	urldate = {2019-03-21},
	journal = {Current Opinion in Solid State and Materials Science},
	author = {Becker, Chandler A. and Tavazza, Francesca and Trautt, Zachary T. and Buarque de Macedo, Robert A.},
	month = dec,
	year = {2013},
	pages = {277--283}
}

@online{pfhub,
  title    = {PFHub: The Phase Field Community Hub},
  url      = {https://pages.nist.gov/pfhub},
  urldate  = {2019-03-27}
}

@online{jekyll,
  title    = {Jekyll},
  url      = {https://jekyllrb.com/},
  urldate  = {2019-03-27}
}

@online{figshare,
  title    = {Figshare},
  url      = {https://figshare.com/},
  urldate  = {2019-03-27}
}

@online{nixpkgs,
  title    = {Nix Packages Collection},
  url      = {https://github.com/NixOS/nixpkgs},
  urldate  = {2019-04-05}
}
