@article{bm1,
  title    = {Benchmark problems for numerical implementations of phase field models},
  journal  = {Computational Materials Science},
  volume   = {126},
  pages    = {139 - 151},
  year     = {2017},
  issn     = {0927-0256},
  doi      = {10.1016/j.commatsci.2016.09.022},
  url      = {http://www.sciencedirect.com/science/article/pii/S0927025616304712},
  author   = {A.M. Jokisaari and P.W. Voorhees and J.E. Guyer and J. Warren and O.G. Heinonen},
  keywords = {Phase field model, Benchmark problem, Spinodal decomposition, Ostwald ripening}
}

@article{bm2,
  title    = {Phase field benchmark problems for dendritic growth and linear elasticity},
  journal  = {Computational Materials Science},
  volume   = {149},
  pages    = {336 - 347},
  year     = {2018},
  issn     = {0927-0256},
  doi      = {10.1016/j.commatsci.2018.03.015},
  url      = {http://www.sciencedirect.com/science/article/pii/S092702561830168X},
  author   = {A.M. Jokisaari and P.W. Voorhees and J.E. Guyer and J.A. Warren and O.G. Heinonen},
  keywords = {Phase field, Benchmark, Dendrite, Elasticity}
}

@online{cmsfree,
  title    = {How We Build {CMS}-Free Websites},
  url      = {https://medium.com/devseed/how-we-build-cms-free-websites-d7e19d94a0ff},
  author   = {Dave Cole},
  year     = {2018},
  month    = jul,
  urldate  = {2019-03-11}
}

@article{fipy,
  title    = {{FiPy}: Partial Differential Equations with {P}ython},
  journal  = {Computing in Science & Engineering},
  volume   = {11},
  number   = {3},
  pages    = {6 - 15},
  year     = {2009},
  issn     = {1521-9615},
  doi      = {10.1109/MCSE.2009.52}
  url      = {http://www.ctcms.nist.gov/fipy},
  author   = {Jonathan E. Guyer and Daniel Wheeler and James A. Warren},
  keywords = {partial differential equations, Python, phase field}
}

@misc{mmsp,
  author   = {Jason Gruber and Trevor Keller and Daniel J. Lewis and Paul Detwiler and Yixuan Tan and Matthew Fields and Paul Lauer and Scott Peters},
  title    = {mesoscale/mmsp: Zenodo integration},
  month    = mar,
  year     = {2019},
  doi      = {10.5281/zenodo.2583258},
  url      = {https://doi.org/10.5281/zenodo.2583258}
}

@online{mumag,
  title    = {$\mu$MAG: The Micromagnetic Modeling Activity Group},
  url      = {https://www.ctcms.nist.gov/~rdm/mumag.org.html},
  urldate  = {2019-03-11}
}

@article{moose,
  title    = {An object-oriented finite element framework for multiphysics phase field simulations},
  journal  = {Computational Materials Science},
  volume   = {51},
  number   = {1},
  pages    = {20 - 29},
  year     = {2012},
  issn     = {0927-0256},
  doi      = {10.1016/j.commatsci.2011.07.028},
  url      = {http://www.sciencedirect.com/science/article/pii/S0927025611004204},
  author   = {Michael R. Tonks and Derek Gaston and Paul C. Millett and David Andrs and Paul Talbot},
  keywords = {Phase field model, Finite element method, Jacobian-Free Newton Krylov, Mesh adaptivity}
}

@misc{prisms-pf,
  author   = {Stephen DeWitt and Shiva Rudraraju and David Montiel and wband and qixinbo and jpluce},
  title    = {prisms-center/phaseField: PRISMS-PF (Version 2.1.1)},
  month    = mar,
  year     = {2019},
  doi      = {10.5281/zenodo.2583308},
  url      = {https://doi.org/10.5281/zenodo.2583308}
}

@online{staticman,
  title    = {Staticman: Static sites with superpowers},
  url      = {https://staticman.net}
  urldate  = {2019-03-11}
}

@online{surge,
  title    = {Surge: Static web publishing for Front-End Developers},
  url      = {https://surge.sh/}
  urldate  = {2019-03-11}
}

@online{travis,
  title    = {Travis CI: Test and Deploy with Confidence},
  url      = {https://travis-ci.org/}
  urldate  = {2019-03-11}
}

